<?xml version="1.0" encoding="UTF-8"?><record xmlns="http://www.loc.gov/MARC21/slim" xmlns:cinclude="http://apache.org/cocoon/include/1.0" xmlns:zs="http://www.loc.gov/zing/srw/">
  <leader>00561nz  a2200133n  4500</leader>
  <controlfield tag="001">nr 96029267 </controlfield>
  <controlfield tag="003">DLC</controlfield>
  <controlfield tag="005">19960810051902.9</controlfield>
  <controlfield tag="008">960809n| acannaab|          |a ana      </controlfield>
  <datafield tag="010" ind1=" " ind2=" ">
    <subfield code="a">nr 96029267 </subfield>
  </datafield>
  <datafield tag="040" ind1=" " ind2=" ">
    <subfield code="a">DLC-R</subfield>
    <subfield code="c">DLC-R</subfield>
  </datafield>
  <datafield tag="110" ind1="2" ind2="0">
    <subfield code="a">Ibaraki Kenritsu Ishige Kōtō Gakkō.</subfield>
    <subfield code="b">Sōritsu 30-shūnen Kinen Jigyō Jikkō Iinkai</subfield>
  </datafield>
  <datafield tag="410" ind1="2" ind2="0">
    <subfield code="a">Ibaraki Kenritsu Ishige Kōtō Gakkō Sōritsu 30-shūnen Kinen Jigyō Jikkō Iinkai</subfield>
  </datafield>
  <datafield tag="670" ind1=" " ind2=" ">
    <subfield code="a">Hakuyō, 1995:</subfield>
    <subfield code="b">colophon (Ibaraki Kenritsu Ishige Kōtō Gakkō/Sōritsu 30-shūnen Kinen Jigyō Jikkō Iinkai)</subfield>
  </datafield>
</record>